<?xml version="1.0" encoding="UTF-8"?><collection xmlns="http://www.loc.gov/MARC21/slim"><record><leader>00642nam--2200181-i-4500</leader><controlfield tag="001">000013021</controlfield><controlfield tag="002">20161230</controlfield><controlfield tag="005">20161230201030</controlfield><controlfield tag="008">060222s1000------------r-----000-0-eng-d</controlfield><datafield ind1=" " ind2=" " tag="020"><subfield code="a">0080234240</subfield></datafield><datafield ind1=" " ind2=" " tag="040"><subfield code="a">IFIN-HH</subfield></datafield><datafield ind1=" " ind2=" " tag="080"><subfield code="a">539.172.4:621.039.526:621.039.512(061.3)</subfield></datafield><datafield ind1="1" ind2=" " tag="100"><subfield code="a">Bockhoff, K.H</subfield></datafield><datafield ind1="1" ind2="0" tag="245"><subfield code="a">Neutron data of structural materials for fast reactors</subfield><subfield code="b">Proceedings of a secialists' meeting held at the central bureau for nuclear measurements geel, belgium, 5-8 december 1977</subfield><subfield code="c">K.h. bockhoff (ed.)</subfield></datafield><datafield ind1=" " ind2=" " tag="260"><subfield code="a">Oxford</subfield><subfield code="b">Pergamon Press</subfield><subfield code="c">1979</subfield></datafield><datafield ind1=" " ind2=" " tag="300"><subfield code="a">IX + 824 P</subfield></datafield><datafield ind1=" " ind2=" " tag="852"><subfield code="a">47016</subfield><subfield code="c">539.17</subfield></datafield><datafield ind1=" " ind2=" " tag="CAT"><subfield code="a">Sys</subfield><subfield code="c">20120618</subfield><subfield code="h">160112</subfield></datafield></record></collection>